% Encoding: UTF-8

@Book{Larson2013,
  author    = {Mats G. Larson and Fredrik Bengzon},
  title     = {The Finite Element Method: Theory, Implementation, and Applications},
  doi       = {10.1007/978-3-642-33287-6},
  publisher = {Springer Berlin Heidelberg},
  groups    = {FEM},
  year      = {2013},
}

@Online{Bezanson2012,
  author = {Jeff Bezanson and Stefan Karpinski and Viral B. Shah and Alan Edelman},
  title  = {Why We Created Julia},
  url    = {https://julialang.org/blog/2012/02/why-we-created-julia/},
  year   = {2012},
}

@Online{Daiguji2015,
  author = {大宮司久明},
  title  = {数値流体力学大全},
  url    = {http://www.caero.mech.tohoku.ac.jp/publicData/Daiguji/},
  year   = {2015},
}

@Book{Kanbe1995,
  author    = {神部 勉 and 石井 克哉},
  title     = {流体力学},
  edition   = {第8版},
  isbn      = {978-4785320638},
  publisher = {裳華房},
  year = {1995},
}

@Book{Wriggers2006,
  author    = {Peter Wriggers},
  date      = {2006},
  title     = {Computational Contact Mechanics},
  doi       = {10.1007/978-3-540-32609-0},
  publisher = {Springer Berlin Heidelberg},
}

@article{Ishiwata1991,
  title={パソコンで見る流体力学 (その2)},
  author={石綿 良三},
  journal={ターボ機械},
  volume={19},
  number={1},
  pages={58-62},
  year={1991},
  doi={10.11458/tsj1973.19.58}
}
@book{Rinoie2011,
  author         = {李家 賢一},
  publisher      = {コロナ社},
  title={航空機設計法-軽飛行機から超音速旅客機の概念設計まで-},
  year           = {2011},
  isbn={978-4339046199}
}
@online{COMSOL2017,
  editor = {COMSOL inc},
  title  = {Detailed Explanation of the Finite Element Method (FEM)},
  url    = {https://www.comsol.jp/multiphysics/finite-element-method},
  year   = {2017},
}
@online{Morita2018,
  author = {nqomorita},
  title  = {有限要素法と反復法線形ソルバのはじめの一歩 [前編]},
  url    = {https://qiita.com/nqomorita/items/6fc4940c1a9532f02c10},
  year   = {2018},
}

@Comment{jabref-meta: databaseType:biblatex;}
